
@book{Irwin:2010:Basic_Engineering_Circuit_Analysis,
    publisher = {John Wiley \& Sons},
    title = {Basic Engineering Circuit Analysis},
    edition = {10},
    author = {Irwin, David J. and Nelms, Mark R.},
    year = {2011}
}


@book{Proakis:2006:Digital_Signal,
    publisher = {Pearson Education Limited},
    title = {Digital Signal Processing: Pearson New International Edition},
    edition = {4},
    author = {Proakis, John G. and Manolakis, Dimitris K.},
    year = {2014}
}


@article{Gray:2006:Toeplitz_Circulant,
    title = {{Toeplitz} and Circulant Matrices: A Review},
    journal = {Foundations and Trends in Communications and Information Theory},
    author = {Robert M. Gray},
    number = {3},
    pages = {155--239},
    volume = {2},
    year = {2006}
}


@book{Nocedal:2006:Numerical_Optimisation,
    publisher = {Springer},
    title = {Numerical Optimization},
    edition = {second},
    author = {J. Nocedal and S. J. Wright},
    year = {2006}
}


@book{Trefethen:1997:Numerical_LA,
    publisher = {Society for Industrial and Applied Mathematics},
    title = {Numerical Linear Algebra},
    author = {Trefethen, Lloyd N. and Bau, David},
    year = {1997}
}


@book{MacKay:2002:Information_Theory_Learning,
    publisher = {Cambridge University Press},
    title = {Information Theory, Inference \& Learning Algorithms},
    author = {{MacKay}, David J. C.},
    year = {2002}
}


@book{Murphy:2012:Probabilistic_Perspective,
    publisher = {{MIT} Press},
    title = {Machine Learning: A Probabilistic Perspective},
    author = {Murphy, Kevin P.},
    year = {2012}
}


@book{Rasmussen:2006:Gaussian_Processes,
    publisher = {{MIT} Press},
    title = {{Gaussian} Processes for Machine Learning},
    author = {Rasmussen, Carl Edward and Williams, Christopher K. I.},
    year = {2006}
}


@article{Chen:2016:Lossy_VAE,
    title = {Variational Lossy Autoencoder},
    journal = {{ArXiv} E-Prints},
    author = {Chen, X. and Kingma, D.P. and Salimans, T. and Duan, Y. and Dhariwal, P. and Schulman, J. and Sutskever, I. and Abbeel, P.},
    month = {nov},
    eprint = {1611.02731},
    year = {2016}
}


@article{Doersch:2016:Tutorial_VAE,
    author = {Doersch, C.},
    journal = {{ArXiv} E-Prints},
    title = {Tutorial on Variational Autoencoders},
    month = {jun},
    eprint = {1606.05908},
    year = {2016},
    archivePrefix = {{arXiv}}
}


@article{Maclaurin:2016:Early_Stopping_Variational,
    volume = {20},
    title = {Early Stopping as Nonparametric Variational Inference},
    journal = {International Conference on Artificial Intelligence and Statistics},
    author = {Maclaurin, D. and Duvenaud, D. and Adams, R.P.},
    year = {2016}
}


@article{Kingma:2013:Auto-Encoding_VB,
    title = {Auto-Encoding Variational Bayes},
    journal = {{ArXiv} E-Prints},
    author = {Kingma, D.P and Welling, M.},
    month = {dec},
    eprint = {1312.6114},
    year = {2013}
}


@article{Kingma:2016:Improving_VI_IAF,
    title = {Improving Variational Inference With Inverse Autoregressive Flow},
    journal = {{ArXiv} E-Prints},
    author = {Kingma, D.P and Salimans, T. and Welling, M.},
    month = {jun},
    eprint = {1606.04934},
    year = {2016}
}


@article{Miller:2016:Variational_Boosting,
    title = {Variational Boosting: Iteratively Refining Posterior Approximations},
    journal = {{ArXiv} E-Prints},
    author = {Miller, A.C. and Foti, N. and Adams, R.P.},
    year = {2016}
}


@article{Ranganath:2015:Hierarchical_Variational_Models,
    title = {Hierarchical Variational Models},
    journal = {{ArXiv} E-Prints},
    author = {Ranganath, R. and Tran, D. and Blei, D. M.},
    month = {nov},
    eprint = {1511.02386},
    year = {2015}
}


@article{Salimans:2014:Markov_Chain_Monte_Carlo_and,
    title = {Markov Chain Monte Carlo and Variational Inference: Bridging the Gap},
    journal = {{ArXiv} E-Prints},
    author = {Salimans, T. and Kingma, D. P. and Welling, M.},
    month = {oct},
    eprint = {1410.6460},
    year = {2014}
}


@article{Braddle:2016:PCA_Meets_RG,
    title = {{PCA} Meets {RG}},
    journal = {{ArXiv} E-Prints},
    author = {Bradde, S. and Bialek, W.},
    month = {oct},
    eprint = {1610.09733},
    year = {2016}
}


@article{Chen:2016:InfoGAN_Interpretable_Representation_Learning_by,
    title = {{InfoGAN}: Interpretable Representation Learning by Information Maximizing Generative Adversarial Nets},
    journal = {{ArXiv} E-Prints},
    author = {Chen, X. and Duan, Y. and Houthooft, R. and Schulman, J. and Sutskever, I. and Abbeel, P.},
    month = {jun},
    eprint = {1606.03657},
    year = {2016}
}


@article{Mehta:2014:Mapping_RG_DL,
    title = {An Exact Mapping Between the Variational Renormalization Group and Deep Learning},
    journal = {{ArXiv} E-Prints},
    author = {Mehta, P. and Schwab, D.J.},
    month = {oct},
    eprint = {1410.3831},
    year = {2014}
}


@inproceedings{Abadi:2016:TensorFlow_A_System_for_Large-Scale,
    title = {{TensorFlow}: A System for Large-Scale Machine Learning},
    booktitle = {{USENIX} Symposium on Operating Systems Design and Implementation},
    author = {Martin Abadi and Paul Barham and Jianmin Chen and Zhifeng Chen and Andy Davis and Jeffrey Dean and Matthieu Devin and Sanjay Ghemawat and Geoffrey Irving and Michael Isard and Manjunath Kudlur and Josh Levenberg and Rajat Monga and Sherry Moore and Derek G. Murray and Benoit Steiner and Paul Tucker and Vijay Vasudevan and Pete Warden and Martin Wicke and Yuan Yu and Xiaoqiang Zheng},
    pages = {265--283},
    volume = {12},
    year = {2016}
}


@article{Bui:2014:Tree-Structured_Gaussian,
    title = {Tree-Structured {Gaussian} Process Approximations},
    journal = {Advances in Neural Information Processing Systems},
    author = {Bui, Thang D. and Turner, Richard E.},
    pages = {2213--2221},
    volume = {27},
    year = {2014}
}


@article{Lazaro-Gredilla:2009:Inter-Domain_Gaussian_Processes_for_Sparse,
    publisher = {Curran Associates, Inc.},
    author = {Miguel L{\'a}zaro-Gredilla and An{\'i}bal Figueiras-Vidal},
    booktitle = {Advances in Neural Information Processing Systems},
    title = {Inter-Domain {Gaussian} Processes for Sparse Inference Using Inducing Features},
    number = {22},
    year = {2009},
    pages = {1087--1095}
}


@article{Matthews:2016:On_Sparse_Variational,
    title = {On Sparse Variational Methods and the Kullback-Leibler Divergence Between Stochastic Processes},
    journal = {Artificial Intelligence and Statistics},
    author = {Alexander G. D. G. Matthews and James Hensman and Richard E. Turner and Zoubin Ghahramani},
    month = {may},
    volume = {19},
    year = {2016}
}


@article{Quinonero:2005:Unifying_View,
    title = {A Unifying View of Sparse Approximate {Gaussian} Process Regression},
    journal = {Journal of Machine Learning Research},
    author = {Quinonero-Candela, Joaquin and Rasmussen, Carl Edward},
    month = {dec},
    volume = {6},
    pages = {1939--1959},
    year = {2005}
}


@article{Seeger:2003:Fast_Forward,
    volume = {9},
    title = {Fast Forward Selection to Speed Up Sparse {Gaussian} Process Regression},
    journal = {Artificial Intelligence and Statistics},
    author = {Matthias Seeger and Christopher K. I. Williams and Neil D. Lawrence},
    year = {2003}
}


@article{Snelson:2006:Sparse_Gaussian,
    publisher = {{MIT} Press},
    title = {Sparse {Gaussian} Processes Using Pseudo-Inputs},
    journal = {Advances in Neural Information Processing Systems},
    author = {Edward Snelson and Ghahramani, Zoubin},
    pages = {1257--1264},
    volume = {18},
    year = {2006}
}


@article{Titsias:2009:Variational_Learning,
    title = {Variational Learning of Inducing Variables in Sparse {Gaussian} Processes},
    journal = {Artificial Intelligence and Statistics},
    author = {Michalis K. Titsias},
    pages = {567--574},
    volume = {12},
    year = {2009}
}


@phdthesis{Duvenaud:2014:Automatic_Construction,
    school = {Computational and Biological Learning Laboratory, University of Cambridge},
    title = {Automatic Model Construction with {Gaussian} Processes},
    author = {David Duvenaud},
    year = {2014}
}


@article{Krauth:2016:AutoGP,
    title = {{AutoGP}: Exploring the Capabilities and Limitations of {Gaussian} Process Models},
    journal = {{ArXiv} E-Prints},
    author = {Krauth, K. and Bonilla, E.V. and Cutajar, K. and Filippone, M.},
    year = {2016}
}


@techreport{Minka:2000:Quadrature_GP,
    link = {http://research.microsoft.com/en-us/um/people/minka/papers/quadrature.html},
    title = {Deriving Quadrature Rules From {Gaussian} Processes},
    author = {Minka, Tom},
    year = {2000},
    institution = {Statistics Department, Carnegie Mellon University}
}


@article{Alvarez:2009:Latent_Force_Models,
    title = {Latent Force Models},
    journal = {Artificial Intelligence and Statistics},
    author = {{\'A}lvarez, Mauricio A. and Luengo, David and Lawrence, Neil D.},
    pages = {9--16},
    volume = {5},
    year = {2009}
}


@article{Alvarez:2010:Efficient_Multioutput_Gaussian_Processes_Through,
    title = {Efficient Multioutput {Gaussian} Processes Through Variational Inducing Kernels},
    booktitle = {Journal of Machine Learning Research: Workshop and Conference Proceedings},
    author = {Mauricio A. {\'A}lvarez and David Luengo and Michalis K. Titsias and Neil D. Lawrence},
    pages = {25--32},
    volume = {9},
    year = {2010}
}


@article{Alvarez:2011:Computationally_Efficient_Convolved,
    author = {{\'A}lvarez, Mauricio A. and Lawrence, Neil D.},
    journal = {Journal of Machine Learning Research},
    title = {Computationally Efficient Convolved Multiple Output {Gaussian} Processes},
    number = {12},
    month = {jul},
    pages = {1459--1500},
    year = {2011}
}


@article{Bonilla:2008:Multi-Task_Gaussian_Process,
    publisher = {{MIT} Press},
    title = {Multi-Task {Gaussian} Process Prediction},
    journal = {Advances in Neural Information Processing Systems},
    author = {Edwin V. Bonilla and Kian Ming Chai and Christopher K. I. Williams},
    pages = {153--160},
    volume = {20},
    year = {2008}
}


@article{Nguyen:2014:Collaborative_Multi-Output,
    volume = {30},
    title = {Collaborative Multi-Output {Gaussian} Processes},
    journal = {Conference on Uncertainty in Artificial Intelligence},
    author = {Trung V. Nguyen and Edwin V. Bonilla},
    year = {2014}
}


@article{Teh:2005:Semiparametric_Latent_Factor,
    volume = {10},
    title = {Semiparametric Latent Factor Models},
    journal = {International Workshop on Artificial Intelligence and Statistics},
    author = {Yee Whye Teh and Matthias Seeger},
    year = {2005}
}


@article{Ulrich:2015:Cross_Spectrum,
    title = {{GP} Kernels for Cross-Spectrum Analysis},
    journal = {Advances in Neural Information Processing Systems},
    author = {Kyle Ulrich and David E. Carlson and Kafui Dzirasa and Lawrence Carin},
    pages = {1999--2007},
    volume = {28},
    year = {2015}
}


@article{Wilson:2012:GP_Regression_Networks,
    publisher = {Omnipress},
    title = {{Gaussian} Process Regression Networks},
    journal = {International Conference on Machine Learning},
    author = {Andrew G. Wilson and David A. Knowles and Zoubin Ghahramani},
    month = {june},
    volume = {29},
    year = {2012}
}


@article{Tobar:2015:Inter-Domain_Inducing,
    title = {Design of Covariance Functions Using Inter-Domain Inducing Variables},
    journal = {Time Series Workshop on Advances in Neural Information Processing Systems},
    author = {Tobar, Felipe and Bui, Thang D. and Turner, Richard E.},
    year = {2015}
}


@article{Tobar:2015:Learning_Stationary,
    title = {Learning Stationary Time Series Using {Gaussian} Processes With Nonparametric Kernels},
    journal = {Advances in Neural Information Processing Systems},
    author = {Tobar, Felipe and Bui, Thang D. and Turner, Richard E.},
    pages = {3501--3509},
    volume = {29},
    year = {2015}
}


@article{Tobar:2016:Basis_Functions,
    title = {Modelling Time Series via Automatic Learning of Basis Functions},
    journal = {Ninth {IEEE} Sensor Array and Multichannel Signal Processing Workshop},
    author = {Tobar, Felipe and Turner, Richard E.},
    year = {2016}
}


@article{Wilson:2013:Spectral_Mixture,
    title = {{Gaussian} Process Kernels for Pattern Discovery and Extrapolation},
    journal = {International Conference on Machine Learning},
    author = {Wilson, Andrew Gordon and Adams, Ryan Prescott},
    pages = {1067--1075},
    volume = {3},
    year = {2013}
}


@article{Betancourt:2016:Optimal_Integration_Time_HMC,
    title = {Identifying the Optimal Integration Time in Hamiltonian Monte Carlo},
    journal = {{ArXiv} E-Prints},
    author = {Betancourt, M.},
    month = {jan},
    eprint = {1601.00225},
    year = {2016}
}


@article{Hoffman:2011:The_No-U-Turn_Sampler_Adaptively_Setting,
    title = {The No-U-Turn Sampler: Adaptively Setting Path Lengths in Hamiltonian Monte Carlo},
    journal = {{ArXiv} E-Prints},
    author = {Hoffman, M. D. and Gelman, A.},
    month = {nov},
    eprint = {1111.4246},
    year = {2011}
}


@article{Murray:2010:Elliptical_Slice_Sampling,
    title = {Elliptical Slice Sampling},
    journal = {Journal of Machine Learning Research: Workshop and Conference Proceedings},
    author = {Iain Murray and Ryan Prescott Adams and David J.C. {MacKay}},
    pages = {541--548},
    volume = {9},
    year = {2010}
}


@article{Neal:2001:Slice_Sampling,
    publisher = {The Institute of Mathematical Statistics},
    author = {Neal, Radford M.},
    journal = {Annals of Statistics},
    title = {Slice Sampling},
    number = {3},
    pages = {705--767},
    volume = {31},
    year = {2003}
}


@article{Ruiz:2016:The_Generalized_Reparameterization_Gradient,
    title = {The Generalized Reparameterization Gradient},
    journal = {{ArXiv} E-Prints},
    author = {Ruiz, F. J. R. and Titsias, M. K. and Blei, D. M.},
    month = {oct},
    eprint = {1610.02287},
    year = {2016}
}


@article{2013:Playing_Atari_DRL,
    eprint = {1312.5602},
    title = {Playing {Atari} With Deep Reinforcement Learning},
    journal = {{ArXiv} E-Prints},
    author = {Mnih, V. and Kavukcuoglu, K. and Silver, D. and Graves, A. and Antonoglou, I. and Wierstra, D. and Riedmiller, M.},
    year = {2013}
}


@article{Shah:2014:Student_t_Processes,
    title = {Student-T Processes as Alternatives to {Gaussian} Processes},
    journal = {{ArXiv} E-Prints},
    author = {Shah, A. and Wilson, A.G. and Ghahramani, Z.},
    month = {feb},
    eprint = {1402.4306},
    year = {2014}
}


@incollection{Turner:2011:Two_Problems_With_Variational_Expectation,
    chapter = {5},
    publisher = {Cambridge University Press},
    author = {R. E. Turner and M. Sahani},
    booktitle = {Bayesian Time Series Models},
    title = {Two Problems With Variational Expectation Maximisation for Time-Series Models},
    pages = {109--130},
    year = {2011}
}


@article{Turner:2014:Time-Frequency_Analysis,
    author = {Richard E. Turner and Maneesh Sahani},
    journal = {{IEEE} Transactions on Signal Processing},
    title = {Time-Frequency Analysis as Probabilistic Inference},
    number = {23},
    month = {december},
    volume = {62},
    pages = {6171--6183},
    year = {2014}
}


@article{2009:Baez:Physics_Topology_Logic_Computation,
    title = {Physics, Topology, Logic and Computation: A Rosetta Stone},
    journal = {{ArXiv} E-Prints},
    author = {Baez, J.C. and Stay, M.},
    month = {mar},
    eprint = {0903.0340},
    year = {2009}
}


@article{Higham:1988:Nearest_PSD,
    title = {Computing a Nearest Symmetric Positive Semidefinite Matrix},
    journal = {Linear Algebra and Its Applications},
    author = {Nicholas J. Higham},
    pages = {103--118},
    volume = {103},
    year = {1988}
}


@article{Bruinsma:2016:GGPCM,
    school = {Department of Engineering, University of Cambridge},
    title = {The Generalised {Gaussian} Process Model},
    author = {W. P. Bruinsma},
    year = {2016}
}


@article{Genz:2004:Numerical_Computation_of_Rectangular_Bivariate,
    title = {Numerical Computation of Rectangular Bivariate and Trivariate Normal and t Probabilities},
    journal = {Statistics and Computing},
    author = {Genz, Alan},
    number = {3},
    pages = {251--260},
    volume = {14},
    year = {2004}
}


@article{Cambanis:1973:On_Some_Continuity_and_Differentiability,
    author = {Cambanis, Stamatis},
    journal = {Journal of Multivariate Analysis},
    title = {On Some Continuity and Differentiability Properties of Paths of {Gaussian} Processes},
    number = {4},
    month = {December},
    volume = {3},
    pages = {420--434},
    year = {1973}
}


@article{Wilson:2010:Copula_Processes,
    title = {{Copula} Processes},
    journal = {{ArXiv} E-Prints},
    author = {Wilson, A.G. and Ghahramani, Z.},
    month = {jun},
    eprint = {1006.1350},
    year = {2010}
}


@article{Ariananda:2012:Compressive_Wideband,
    author = {Dyonisius Dony Ariananda and Geert Leus},
    journal = {{IEEE} Transactions on Signal Processing},
    title = {Compressive Wideband Power Spectrum Estimation},
    number = {9},
    month = {september},
    volume = {60},
    pages = {4775--4789},
    year = {2012}
}


@article{Axell:2012:Spectrum_Sensing,
    title = {Spectrum Sensing for Cognitive Radio: State-Of-The-Art and Recent Advances},
    journal = {{IEEE} Signal Processing Magazine},
    author = {Axell, Erik and Leus, Geert and Larsson, Erik G. and Poor, H. Vincent},
    number = {3},
    pages = {101--116},
    volume = {29},
    year = {2012}
}


@misc{Lindgren:2006:Lectures_on_Stationary_Stochastic_Processes,
    publisher = {Lund University},
    title = {Lectures on Stationary Stochastic Processes},
    author = {Georg Lindgren},
    year = {2006},
    month = {October}
}
